<?xml version="1.0" encoding="UTF-8"?><collection xmlns="http://www.loc.gov/MARC21/slim"><record><leader>00561nam--2200193-i-4500</leader><controlfield tag="001">000017878</controlfield><controlfield tag="002">20161230</controlfield><controlfield tag="005">20161230201032</controlfield><controlfield tag="008">060222s1000------------r-----000-0-eng-d</controlfield><datafield ind1=" " ind2=" " tag="020"><subfield code="a">9971509733</subfield></datafield><datafield ind1=" " ind2=" " tag="040"><subfield code="a">IFIN-HH</subfield></datafield><datafield ind1=" " ind2=" " tag="080"><subfield code="a">537.222.22:539.22</subfield></datafield><datafield ind1="1" ind2=" " tag="100"><subfield code="a">Fritzsche, Hellmut</subfield></datafield><datafield ind1="1" ind2="0" tag="245"><subfield code="a">Transport, correlation and structural defects</subfield><subfield code="c">Hellmut, fritzsche (ed.)</subfield></datafield><datafield ind1=" " ind2=" " tag="260"><subfield code="a">Singapore</subfield><subfield code="b">World Scientific</subfield><subfield code="c">1990</subfield></datafield><datafield ind1=" " ind2=" " tag="300"><subfield code="a">305P</subfield></datafield><datafield ind1=" " ind2=" " tag="490"><subfield code="a">Advances In Disordered Semiconductors</subfield><subfield code="v">Vol.3</subfield></datafield><datafield ind1=" " ind2=" " tag="852"><subfield code="a">80056</subfield><subfield code="c">537.311.33</subfield></datafield><datafield ind1=" " ind2=" " tag="CAT"><subfield code="a">Sys</subfield><subfield code="c">20110802</subfield><subfield code="h">162930</subfield></datafield></record></collection>